
<record>
  <controlfield tag="001">790683</controlfield>
  <datafield tag="024" ind1="7" ind2=" ">
    <subfield code="2">DOI</subfield>
    <subfield code="a">10.1103/PhysRevD.78.051104</subfield>
  </datafield>
  <datafield tag="035" ind1=" " ind2=" ">
    <subfield code="a">oai:arXiv.org:0807.2170</subfield>
    <subfield code="z">oai:arXiv.org:0807.2170</subfield>
    <subfield code="9">arXiv</subfield>
  </datafield>
  <datafield tag="035" ind1=" " ind2=" ">
    <subfield code="z">D08-06576</subfield>
    <subfield code="9">DESY</subfield>
  </datafield>
  <datafield tag="035" ind1=" " ind2=" ">
    <subfield code="a">Bhardwaj:2008ee</subfield>
    <subfield code="9">SPIRESTeX</subfield>
  </datafield>
  <datafield tag="710" ind1=" " ind2=" ">
    <subfield code="g">Belle</subfield>
  </datafield>
  <datafield tag="037" ind1=" " ind2=" ">
    <subfield code="a">arXiv:0807.2170</subfield>
    <subfield code="9">arXiv</subfield>
    <subfield code="c">hep-ex</subfield>
  </datafield>
  <datafield tag="037" ind1=" " ind2=" ">
    <subfield code="a">BELLE-2008-20</subfield>
  </datafield>
  <datafield tag="037" ind1=" " ind2=" ">
    <subfield code="a">KEK-2008-18</subfield>
  </datafield>
  <datafield tag="245" ind1=" " ind2=" ">
    <subfield code="a">Observation of B+- ---&gt; psi(2S) pi+- and search for direct CP-violation</subfield>
  </datafield>
</record>